@inproceedings{liu2021swin,
  title={Swin Transformer: Hierarchical Vision Transformer using Shifted Windows},
  author={Liu, Ze and Lin, Yutong and Cao, Yue and Hu, Han and Wei, Yixuan and Zhang, Zheng and Lin, Stephen and Guo, Baining},
  booktitle={Proceedings of the IEEE/CVF International Conference on Computer Vision (ICCV)},
  pages={10012--10022},
  year={2021}
}

@inproceedings{dosovitskiy2021vit,
  title={An Image is Worth 16x16 Words: Transformers for Image Recognition at Scale},
  author={Dosovitskiy, Alexey and Beyer, Lucas and Kolesnikov, Alexander and Weissenborn, Dirk and Zhai, Xiaohua and Unterthiner, Thomas and Dehghani, Mostafa and Minderer, Matthias and Heigold, Georg and Gelly, Sylvain and Uszkoreit, Jakob and Houlsby, Neil},
  booktitle={International Conference on Learning Representations (ICLR)},
  year={2021}
}

@inproceedings{loshchilov2017decoupled,
  title={Decoupled Weight Decay Regularization},
  author={Loshchilov, Ilya and Hutter, Frank},
  booktitle={International Conference on Learning Representations (ICLR)},
  year={2019},
  note={arXiv:1711.05101}
}

@inproceedings{loshchilov2017sgdr,
  title={SGDR: Stochastic Gradient Descent with Warm Restarts},
  author={Loshchilov, Ilya and Hutter, Frank},
  booktitle={International Conference on Learning Representations (ICLR)},
  year={2017},
  note={arXiv:1608.03983}
}

@inproceedings{huang2016stochasticdepth,
  title={Deep Networks with Stochastic Depth},
  author={Huang, Gao and Sun, Yu and Liu, Zhuang and Sedra, Daniel and Weinberger, Kilian},
  booktitle={European Conference on Computer Vision (ECCV)},
  pages={646--661},
  year={2016}
}

@article{zhong2020randomerasing,
  title={Random Erasing Data Augmentation},
  author={Zhong, Zhun and Zheng, Liang and Kang, Guoliang and Li, Shaozi and Yang, Yi},
  journal={AAAI Conference on Artificial Intelligence},
  volume={34},
  number={07},
  pages={13001--13008},
  year={2020}
}

@inproceedings{szegedy2016rethinking,
  title={Rethinking the Inception Architecture for Computer Vision},
  author={Szegedy, Christian and Vanhoucke, Vincent and Ioffe, Sergey and Shlens, Jon and Wojna, Zbigniew},
  booktitle={IEEE Conference on Computer Vision and Pattern Recognition (CVPR)},
  pages={2818--2826},
  year={2016}
}

@inproceedings{guo2017calibration,
  title={On Calibration of Modern Neural Networks},
  author={Guo, Chuan and Pleiss, Geoff and Sun, Yu and Weinberger, Kilian Q.},
  booktitle={Proceedings of the 34th International Conference on Machine Learning (ICML)},
  pages={1321--1330},
  year={2017}
}

@inproceedings{kohavi1995cv,
  title={A Study of Cross-Validation and Bootstrap for Accuracy Estimation and Model Selection},
  author={Kohavi, Ron},
  booktitle={Proceedings of the 14th International Joint Conference on Artificial Intelligence (IJCAI)},
  pages={1137--1143},
  year={1995}
}

@article{pedregosa2011scikit,
  title={Scikit-learn: Machine Learning in Python},
  author={Pedregosa, Fabian and Varoquaux, Ga{"e}l and Gramfort, Alexandre and Michel, Vincent and Thirion, Bertrand and Grisel, Olivier and Blondel, Mathieu and Prettenhofer, Peter and Weiss, Ron and Dubourg, Vincent and Vanderplas, Jake and Passos, Alexandre and Cournapeau, David and Brucher, Matthieu and Perrot, Matthieu and Duchesnay, {\'E}douard},
  journal={Journal of Machine Learning Research},
  volume={12},
  pages={2825--2830},
  year={2011}
}

@misc{wightman2019timm,
  title={PyTorch Image Models},
  author={Wightman, Ross},
  howpublished={GitHub},
  year={2019},
  note={https://github.com/huggingface/pytorch-image-models}
}

@inproceedings{abnar2020attentionflow,
  title={Quantifying Attention Flow in Transformers},
  author={Abnar, Samira and Zuidema, Willem},
  booktitle={Proceedings of ACL},
  pages={4190--4197},
  year={2020}
}

@inproceedings{micikevicius2018mixedprecision,
  title={Mixed Precision Training},
  author={Micikevicius, Paulius and Narang, Sharan and Alben, Jonah and Diamos, Greg and Elsen, Erich and Garcia, David and Ginsburg, Boris and Houston, Michael and Kuchaiev, Oleksii and Venkatesh, Ganesh and Wu, Hao},
  booktitle={International Conference on Learning Representations (ICLR) Workshop},
  year={2018}
}

@article{kingma2015adam,
  title={Adam: A Method for Stochastic Optimization},
  author={Kingma, Diederik P. and Ba, Jimmy},
  journal={International Conference on Learning Representations (ICLR)},
  year={2015}
}

@misc{biewald2020wandb,
  title={Experiment Tracking with Weights and Biases},
  author={Biewald, Lukas},
  year={2020},
  howpublished={Software available from wandb.com},
  note={https://www.wandb.com/}
}

@article{shorten2019survey,
  title={A survey on Image Data Augmentation for Deep Learning},
  author={Shorten, Connor and Khoshgoftaar, Taghi M.},
  journal={Journal of Big Data},
  volume={6},
  number={60},
  year={2019}
}

@inproceedings{he2016deep,
  title={Deep Residual Learning for Image Recognition},
  author={He, Kaiming and Zhang, Xiangyu and Ren, Shaoqing and Sun, Jian},
  booktitle={IEEE Conference on Computer Vision and Pattern Recognition (CVPR)},
  pages={770--778},
  year={2016}
}

@inproceedings{tan2019efficientnet,
  title={EfficientNet: Rethinking Model Scaling for Convolutional Neural Networks},
  author={Tan, Mingxing and Le, Quoc},
  booktitle={International Conference on Machine Learning (ICML)},
  pages={6105--6114},
  year={2019}
}

@inproceedings{touvron2021deit,
  title={Training data-efficient image transformers \& distillation through attention},
  author={Touvron, Hugo and Cord, Matthieu and Douze, Matthijs and Massa, Francisco and Sablayrolles, Alexandre and J{\'e}gou, Herv{\'e}},
  booktitle={International Conference on Machine Learning (ICML)},
  year={2021}
}

@article{liu2022convnext,
  title={A ConvNet for the 2020s},
  author={Liu, Zhuang and Mao, Hanzi and Wu, Chao-Yuan and Feichtenhofer, Christoph and Darrell, Trevor and Xie, Saining},
  journal={IEEE/CVF Conference on Computer Vision and Pattern Recognition (CVPR)},
  year={2022}
}

@inproceedings{zhang2018mixup,
  title={mixup: Beyond Empirical Risk Minimization},
  author={Zhang, Hongyi and Cisse, Moustapha and Dauphin, Yann N. and Lopez-Paz, David},
  booktitle={International Conference on Learning Representations (ICLR)},
  year={2018}
}

@inproceedings{yun2019cutmix,
  title={CutMix: Regularization Strategy to Train Strong Classifiers with Localizable Features},
  author={Yun, Sangdoo and Han, Dongyoon and Oh, Seong Joon and Chun, Sanghyuk and Choe, Junsuk and Yoo, Youngjoon},
  booktitle={IEEE International Conference on Computer Vision (ICCV)},
  pages={6023--6032},
  year={2019}
}

@inproceedings{goyal2017accurate,
  title={Accurate, Large Minibatch SGD: Training ImageNet in 1 Hour},
  author={Goyal, Priya and Doll{\'a}r, Piotr and Girshick, Ross and Noordhuis, Pieter and Wesolowski, Lukasz and Kyrola, Aapo and Tulloch, Andrew and Jia, Yangqing and He, Kaiming},
  booktitle={arXiv preprint arXiv:1706.02677},
  year={2017}
}

@inproceedings{dietterich1998approximate,
  title={Approximate Statistical Tests for Comparing Supervised Classification Learning Algorithms},
  author={Dietterich, Thomas G.},
  booktitle={Neural Computation},
  volume={10},
  number={7},
  pages={1895--1923},
  year={1998}
}

@article{demsar2006statistical,
  title={Statistical Comparisons of Classifiers over Multiple Data Sets},
  author={Dem{\v{s}}ar, Janez},
  journal={Journal of Machine Learning Research},
  volume={7},
  pages={1--30},
  year={2006}
}
